<?xml version="1.0" encoding="utf-8"?>
<record xmlns="http://www.loc.gov/MARC21/slim" xmlns:xsi="http://www.w3.org/2001/XMLSchema-instance" xsi:schemaLocation="http://www.loc.gov/MARC21/slim http://www.loc.gov/standards/marcxml/schema/MARC21slim.xsd">
	<leader>     nam a22        4500</leader>
	<controlfield tag="001">001266620</controlfield>
	<controlfield tag="003">NNU</controlfield>
	<controlfield tag="006">m        d        </controlfield>
	<controlfield tag="007">cr cn |||m|||a</controlfield>
	<controlfield tag="008">150825s1912    ua      o     000 0 ara d</controlfield>
	<datafield ind1=" " ind2=" " tag="040">
		<subfield code="a">NNU</subfield>
		<subfield code="b">eng</subfield>
		<subfield code="c">NNU</subfield>
	</datafield>
	<datafield ind1=" " ind2=" " tag="043">
		<subfield code="a">f-ua---</subfield>
	</datafield>
	<datafield ind1=" " ind2=" " tag="066">
		<subfield code="c">(3</subfield>
	</datafield>
	<datafield ind1=" " ind2=" " tag="090">
		<subfield code="a">HC535</subfield>
		<subfield code="b">.T25 1912</subfield>
	</datafield>
	<datafield ind1="1" ind2=" " tag="100">
		<subfield code="6">880-01</subfield>
		<subfield code="a">Ṭahṭāwī, Rifāʻah Rāfiʻ,</subfield>
		<subfield code="d">1801-1873.</subfield>
	</datafield>
	<datafield ind1="1" ind2="0" tag="240">
		<subfield code="6">880-02</subfield>
		<subfield code="a">Manāhij al-albāb al-Miṣrīyah</subfield>
	</datafield>
	<datafield ind1="1" ind2="0" tag="245">
		<subfield code="6">880-03</subfield>
		<subfield code="a">Kitāb manāhij al-albāb al-Miṣrīyah fī mabāhij al-ādāb al-ʻaṣrīyah</subfield>
		<subfield code="h">[electronic resource] /</subfield>
		<subfield code="c">taʼlīf Rifāʻah Rāfiʻ.</subfield>
	</datafield>
	<datafield ind1=" " ind2=" " tag="250">
		<subfield code="6">880-04</subfield>
		<subfield code="a">Ṭabʻah 2.</subfield>
	</datafield>
	<datafield ind1=" " ind2=" " tag="260">
		<subfield code="6">880-05</subfield>
		<subfield code="a">Miṣr :</subfield>
		<subfield code="b">Maṭbaʻat Sharikat al-Raghāʼib,</subfield>
		<subfield code="c">1912.</subfield>
	</datafield>
	<datafield ind1=" " ind2=" " tag="300">
		<subfield code="a">online resource (20, 450 p.)</subfield>
	</datafield>
	<datafield ind1=" " ind2=" " tag="500">
		<subfield code="a">Part of the Arabic Collections Online (ACO) project, contributed by New York Univeristy Libraries.</subfield>
	</datafield>
	<datafield ind1=" " ind2=" " tag="533">
		<subfield code="a">Electronic reproduction.</subfield>
		<subfield code="b">New York, N.Y. :</subfield>
		<subfield code="c">New York University,</subfield>
		<subfield code="d">2015.</subfield>
		<subfield code="5">NNU</subfield>
	</datafield>
	<datafield ind1=" " ind2="0" tag="651">
		<subfield code="a">Egypt</subfield>
		<subfield code="x">Economic policy.</subfield>
	</datafield>
	<datafield ind1=" " ind2="0" tag="651">
		<subfield code="a">Egypt</subfield>
		<subfield code="x">Social policy.</subfield>
	</datafield>
	<datafield ind1="2" ind2=" " tag="710">
		<subfield code="a">New York University.</subfield>
		<subfield code="b">Libraries.</subfield>
	</datafield>
	<datafield ind1="0" ind2=" " tag="730">
		<subfield code="a">Arabic Collections Online.</subfield>
	</datafield>
	<datafield ind1="0" ind2="8" tag="776">
		<subfield code="i">Print version:</subfield>
		<subfield code="a">Ṭahṭāwī, Rifāʻah Rāfiʻ, 1801-1873.</subfield>
		<subfield code="t">Kitāb manāhij al-albāb al-Miṣrīyah fī mabāhij al-ādāb al-ʻaṣrīyah</subfield>
		<subfield code="w">(NNU)001266620</subfield>
	</datafield>
	<datafield ind1="4" ind2="0" tag="856">
		<subfield code="u">http://hdl.handle.net/2333.1/bvq83f38</subfield>
	</datafield>
	<datafield ind1="1" ind2=" " tag="880">
		<subfield code="6">100-01/</subfield>
		<subfield code="a">طهطاوي، رفاعه رافع.</subfield>
	</datafield>
	<datafield ind1="1" ind2="0" tag="880">
		<subfield code="6">240-02/</subfield>
		<subfield code="a">مناهج الالباب المصرية.</subfield>
	</datafield>
	<datafield ind1="1" ind2="0" tag="880">
		<subfield code="6">245-03/</subfield>
		<subfield code="a">كتاب مناهج الالباب المصرية في مباهج الآداب العصرية /</subfield>
		<subfield code="c">تأليف رفاعه رافع.</subfield>
	</datafield>
	<datafield ind1=" " ind2=" " tag="880">
		<subfield code="6">250-04/</subfield>
		<subfield code="a">طبعة ٢.</subfield>
	</datafield>
	<datafield ind1=" " ind2=" " tag="880">
		<subfield code="6">260-05/</subfield>
		<subfield code="a">مصر :</subfield>
		<subfield code="b">مطبعة شركية الرغائب،</subfield>
		<subfield code="c">١٩١٢.</subfield>
	</datafield>
	<datafield ind1=" " ind2=" " tag="959">
		<subfield code="a">NNU</subfield>
		<subfield code="b">WEB</subfield>
		<subfield code="c">GENI</subfield>
		<subfield code="t">0</subfield>
		<subfield code="m">Electronic access</subfield>
		<subfield code="s">01</subfield>
	</datafield>
	<datafield ind1=" " ind2=" " tag="999">
		<subfield code="i">NNU_001266620</subfield>
		<subfield code="s">nyu_aco001151</subfield>
	</datafield>
</record>
